
    <marc:record>
        <marc:leader>01991cmm a2200457 a 4500</marc:leader>
        <marc:controlfield tag="001">3803795</marc:controlfield>
        <marc:controlfield tag="003">OCoLC</marc:controlfield>
        <marc:controlfield tag="005">20061124112450.0</marc:controlfield>
        <marc:controlfield tag="007">co nga|m||||||</marc:controlfield>
        <marc:controlfield tag="008">060425s2006    pau        h        eng d</marc:controlfield>
        <marc:datafield tag="020" ind1=" " ind2=" ">
            <marc:subfield code="a">1585633771</marc:subfield>
        </marc:datafield>
        <marc:datafield tag="035" ind1=" " ind2=" ">
            <marc:subfield code="a">(Sirsi) i9781585633777</marc:subfield>
        </marc:datafield>
        <marc:datafield tag="035" ind1=" " ind2=" ">
            <marc:subfield code="a">ocm67615137</marc:subfield>
        </marc:datafield>
        <marc:datafield tag="040" ind1=" " ind2=" ">
            <marc:subfield code="a">RCE</marc:subfield>
            <marc:subfield code="b">eng</marc:subfield>
            <marc:subfield code="c">RCE</marc:subfield>
            <marc:subfield code="d">AEU</marc:subfield>
        </marc:datafield>
        <marc:datafield tag="050" ind1=" " ind2=" ">
            <marc:subfield code="a">PJ6713</marc:subfield>
            <marc:subfield code="b">.L4835 2006</marc:subfield>
        </marc:datafield>
        <marc:datafield tag="090" ind1=" " ind2=" ">
            <marc:subfield code="a">DATA LIB 00840 LDC 2006S29</marc:subfield>
            <marc:subfield code="b">AEU</marc:subfield>
        </marc:datafield>
        <marc:datafield tag="245" ind1="0" ind2="0">
            <marc:subfield code="a">Levantine Arabic QT training data set.</marc:subfield>
            <marc:subfield code="n">5,</marc:subfield>
            <marc:subfield code="p">speech</marc:subfield>
            <marc:subfield code="h">[electronic resource] /</marc:subfield>
            <marc:subfield code="c">[Authors, Mohamed Maamouri, Tim Buckwalter, Dave Graff...et al.].</marc:subfield>
        </marc:datafield>
        <marc:datafield tag="246" ind1="3" ind2=" ">
            <marc:subfield code="a">Levantine Arabic QT training data set 5 speech</marc:subfield>
        </marc:datafield>
        <marc:datafield tag="260" ind1=" " ind2=" ">
            <marc:subfield code="a">[Philadelphia, Pa.] :</marc:subfield>
            <marc:subfield code="b">Linguistic Data Consortium,</marc:subfield>
            <marc:subfield code="c">c2006.</marc:subfield>
        </marc:datafield>
        <marc:datafield tag="300" ind1=" " ind2=" ">
            <marc:subfield code="a">2 DVD-ROMs ;</marc:subfield>
            <marc:subfield code="c">4 3/4 in.</marc:subfield>
        </marc:datafield>
        <marc:datafield tag="336" ind1=" " ind2=" ">
            <marc:subfield code="a">spoken word</marc:subfield>
            <marc:subfield code="b">spw</marc:subfield>
            <marc:subfield code="2">rdacontent</marc:subfield>
        </marc:datafield>
        <marc:datafield tag="337" ind1=" " ind2=" ">
            <marc:subfield code="a">computer</marc:subfield>
            <marc:subfield code="b">c</marc:subfield>
            <marc:subfield code="2">rdamedia</marc:subfield>
        </marc:datafield>
        <marc:datafield tag="490" ind1="1" ind2=" ">
            <marc:subfield code="a">LDC corpora ;</marc:subfield>
            <marc:subfield code="v">LDC2006S29</marc:subfield>
        </marc:datafield>
        <marc:datafield tag="500" ind1=" " ind2=" ">
            <marc:subfield code="a">Title from index.html file on DVD-ROM.</marc:subfield>
        </marc:datafield>
        <marc:datafield tag="500" ind1=" " ind2=" ">
            <marc:subfield code="a">&quot;LDC2006S29.&quot;</marc:subfield>
        </marc:datafield>
        <marc:datafield tag="520" ind1=" " ind2=" ">
            <marc:subfield code="a">&quot;This release contains 1660 calls totalling approximately 250 hours of telephone conversation in Levantine Arabic. These calls were collected between 2003 and 2005.&quot;--index.html</marc:subfield>
        </marc:datafield>
        <marc:datafield tag="538" ind1=" " ind2=" ">
            <marc:subfield code="a">DVD-ROM.</marc:subfield>
        </marc:datafield>
        <marc:datafield tag="538" ind1=" " ind2=" ">
            <marc:subfield code="a">System requirements: DVD-ROM drive; software to read audio files in the NIST SPHERE file format.</marc:subfield>
        </marc:datafield>
        <marc:datafield tag="596" ind1=" " ind2=" ">
            <marc:subfield code="a">48</marc:subfield>
        </marc:datafield>
        <marc:datafield tag="650" ind1=" " ind2="0">
            <marc:subfield code="a">Arabic language</marc:subfield>
            <marc:subfield code="x">Spoken Arabic</marc:subfield>
            <marc:subfield code="v">Databases.</marc:subfield>
        </marc:datafield>
        <marc:datafield tag="650" ind1=" " ind2="0">
            <marc:subfield code="a">Arabic language</marc:subfield>
            <marc:subfield code="x">Dialects</marc:subfield>
            <marc:subfield code="v">Databases.</marc:subfield>
        </marc:datafield>
        <marc:datafield tag="650" ind1=" " ind2="0">
            <marc:subfield code="a">Linguistics</marc:subfield>
            <marc:subfield code="v">Databases.</marc:subfield>
        </marc:datafield>
        <marc:datafield tag="700" ind1="1" ind2=" ">
            <marc:subfield code="a">Maamouri, Mohamed.</marc:subfield>
        </marc:datafield>
        <marc:datafield tag="700" ind1="1" ind2=" ">
            <marc:subfield code="a">Buckwalter, Tim.</marc:subfield>
        </marc:datafield>
        <marc:datafield tag="700" ind1="1" ind2=" ">
            <marc:subfield code="a">Graff, Dave.</marc:subfield>
        </marc:datafield>
        <marc:datafield tag="710" ind1="2" ind2=" ">
            <marc:subfield code="a">Linguistic Data Consortium.</marc:subfield>
        </marc:datafield>
        <marc:datafield tag="740" ind1="0" ind2=" ">
            <marc:subfield code="a">Levantine Arabic QT training data set. 5, transcripts.</marc:subfield>
        </marc:datafield>
        <marc:datafield tag="830" ind1=" " ind2="0">
            <marc:subfield code="a">LDC corpora ;</marc:subfield>
            <marc:subfield code="v">LDC2006S29.</marc:subfield>
        </marc:datafield>
        <marc:datafield tag="856" ind1="4" ind2="2">
            <marc:subfield code="z">For additional information on data files, see LDC web-site:</marc:subfield>
            <marc:subfield code="u">http://www.ldc.upenn.edu/Catalog/CatalogEntry.jsp?catalogId=LDC2006S29</marc:subfield>
        </marc:datafield>
        <marc:datafield tag="990" ind1=" " ind2=" ">
            <marc:subfield code="1">OLAC</marc:subfield>
            <marc:subfield code="2">arabic</marc:subfield>
        </marc:datafield>
        <marc:datafield tag="999" ind1=" " ind2=" ">
            <marc:subfield code="a">DATA LIB 00840 LDC 2006S29</marc:subfield>
            <marc:subfield code="w">LC</marc:subfield>
            <marc:subfield code="c">1</marc:subfield>
            <marc:subfield code="i">0162023061524</marc:subfield>
            <marc:subfield code="l">DATA_REF</marc:subfield>
            <marc:subfield code="m">UASCITECH</marc:subfield>
            <marc:subfield code="p">$150.00</marc:subfield>
            <marc:subfield code="r">Y</marc:subfield>
            <marc:subfield code="s">Y</marc:subfield>
            <marc:subfield code="t">NO_LOAN</marc:subfield>
            <marc:subfield code="u">11/24/2006</marc:subfield>
        </marc:datafield>
    </marc:record>