
    <marc:record>
        <marc:leader>02402cmm a2200445 a 4500</marc:leader>
        <marc:controlfield tag="001">3806685</marc:controlfield>
        <marc:controlfield tag="003">OCoLC</marc:controlfield>
        <marc:controlfield tag="005">20061130130615.0</marc:controlfield>
        <marc:controlfield tag="007">co nga|m||||||</marc:controlfield>
        <marc:controlfield tag="008">061013s2006    pau        m        ara d</marc:controlfield>
        <marc:datafield tag="020" ind1=" " ind2=" ">
            <marc:subfield code="a">158563400X</marc:subfield>
        </marc:datafield>
        <marc:datafield tag="035" ind1=" " ind2=" ">
            <marc:subfield code="a">(Sirsi) i9781585634002</marc:subfield>
        </marc:datafield>
        <marc:datafield tag="035" ind1=" " ind2=" ">
            <marc:subfield code="a">ocm72851036</marc:subfield>
        </marc:datafield>
        <marc:datafield tag="040" ind1=" " ind2=" ">
            <marc:subfield code="a">RCE</marc:subfield>
            <marc:subfield code="b">eng</marc:subfield>
            <marc:subfield code="c">RCE</marc:subfield>
            <marc:subfield code="d">AEU</marc:subfield>
        </marc:datafield>
        <marc:datafield tag="041" ind1="0" ind2=" ">
            <marc:subfield code="a">ara</marc:subfield>
            <marc:subfield code="a">eng</marc:subfield>
        </marc:datafield>
        <marc:datafield tag="050" ind1=" " ind2=" ">
            <marc:subfield code="a">PJ6309</marc:subfield>
            <marc:subfield code="b">.G85 2006</marc:subfield>
        </marc:datafield>
        <marc:datafield tag="090" ind1=" " ind2=" ">
            <marc:subfield code="a">DATA LIB 00840 LDC 2006S43</marc:subfield>
            <marc:subfield code="b">AEU</marc:subfield>
        </marc:datafield>
        <marc:datafield tag="245" ind1="0" ind2="0">
            <marc:subfield code="a">Gulf Arabic conversational telephone speech</marc:subfield>
            <marc:subfield code="h">[electronic resource] /</marc:subfield>
            <marc:subfield code="c">[Author, Appen Pty Ltd.].</marc:subfield>
        </marc:datafield>
        <marc:datafield tag="260" ind1=" " ind2=" ">
            <marc:subfield code="a">[Philadelphia, Pa.] :</marc:subfield>
            <marc:subfield code="b">Linguistic Data Consortium,</marc:subfield>
            <marc:subfield code="c">c2006.</marc:subfield>
        </marc:datafield>
        <marc:datafield tag="300" ind1=" " ind2=" ">
            <marc:subfield code="a">1 DVD-ROM :</marc:subfield>
            <marc:subfield code="b">sd. ;</marc:subfield>
            <marc:subfield code="c">4 3/4 in.</marc:subfield>
        </marc:datafield>
        <marc:datafield tag="336" ind1=" " ind2=" ">
            <marc:subfield code="a">computer dataset</marc:subfield>
            <marc:subfield code="b">cod</marc:subfield>
            <marc:subfield code="2">rdacontent</marc:subfield>
        </marc:datafield>
        <marc:datafield tag="337" ind1=" " ind2=" ">
            <marc:subfield code="a">computer</marc:subfield>
            <marc:subfield code="b">c</marc:subfield>
            <marc:subfield code="2">rdamedia</marc:subfield>
        </marc:datafield>
        <marc:datafield tag="490" ind1="1" ind2=" ">
            <marc:subfield code="a">LDC corpora ;</marc:subfield>
            <marc:subfield code="v">LDC2006S43</marc:subfield>
        </marc:datafield>
        <marc:datafield tag="500" ind1=" " ind2=" ">
            <marc:subfield code="a">&quot;LDC2006S43.&quot;</marc:subfield>
        </marc:datafield>
        <marc:datafield tag="500" ind1=" " ind2=" ">
            <marc:subfield code="a">Title from index.html on DVD-ROM.</marc:subfield>
        </marc:datafield>
        <marc:datafield tag="520" ind1=" " ind2=" ">
            <marc:subfield code="a">&quot;This file contains documentation on Gulf Arabic Conversational Telephone Speech, Linguistic Data Consortium (LDC) catalog number LDC2006S43 and isbn 1-58563-400-X. Gulf Arabic Conversational Telephone Speech is a database containing 975 Gulf Arabic speakers taking part in spontaneous telephone conversations in colloquial Gulf Arabic. A total of 976 conversation sides are provided (one speaker appears on two distinct calls). The average duration per side is about 5.7 minutes. The data was collected and transcribed in 2004 by Appen Pty Ltd.(Appen), Sydney, Austrialia, working under a U.S. Government contract.&quot;--index.html.</marc:subfield>
        </marc:datafield>
        <marc:datafield tag="538" ind1=" " ind2=" ">
            <marc:subfield code="a">System requirements: DVD-ROM drive; web browser; software to play files in the SPHERE file format; other requirements not specified.</marc:subfield>
        </marc:datafield>
        <marc:datafield tag="546" ind1=" " ind2=" ">
            <marc:subfield code="a">Arabic and English.</marc:subfield>
        </marc:datafield>
        <marc:datafield tag="596" ind1=" " ind2=" ">
            <marc:subfield code="a">48</marc:subfield>
        </marc:datafield>
        <marc:datafield tag="650" ind1=" " ind2="0">
            <marc:subfield code="a">Arabic language</marc:subfield>
            <marc:subfield code="x">Spoken Arabic</marc:subfield>
            <marc:subfield code="x">Data processing</marc:subfield>
            <marc:subfield code="v">Databases.</marc:subfield>
        </marc:datafield>
        <marc:datafield tag="650" ind1=" " ind2="0">
            <marc:subfield code="a">Conversation</marc:subfield>
            <marc:subfield code="v">Databases.</marc:subfield>
        </marc:datafield>
        <marc:datafield tag="650" ind1=" " ind2="0">
            <marc:subfield code="a">Telephone calls</marc:subfield>
            <marc:subfield code="v">Databases.</marc:subfield>
        </marc:datafield>
        <marc:datafield tag="650" ind1=" " ind2="0">
            <marc:subfield code="a">Automatic speech recognition.</marc:subfield>
        </marc:datafield>
        <marc:datafield tag="710" ind1="2" ind2=" ">
            <marc:subfield code="a">Appen Pty Ltd.</marc:subfield>
        </marc:datafield>
        <marc:datafield tag="710" ind1="2" ind2=" ">
            <marc:subfield code="a">Linguistic Data Consortium.</marc:subfield>
        </marc:datafield>
        <marc:datafield tag="740" ind1="0" ind2=" ">
            <marc:subfield code="a">Gulf Arabic Conversational Telephone Speech Transcripts.</marc:subfield>
        </marc:datafield>
        <marc:datafield tag="830" ind1=" " ind2="0">
            <marc:subfield code="a">LDC corpora ;</marc:subfield>
            <marc:subfield code="v">LDC2006S43.</marc:subfield>
        </marc:datafield>
        <marc:datafield tag="856" ind1="4" ind2="2">
            <marc:subfield code="z">For additional information on data files, see the LDC website:</marc:subfield>
            <marc:subfield code="u">http://www.ldc.upenn.edu/Catalog/CatalogEntry.jsp?catalogId=LDC2006S43</marc:subfield>
        </marc:datafield>
        <marc:datafield tag="990" ind1=" " ind2=" ">
            <marc:subfield code="1">OLAC</marc:subfield>
            <marc:subfield code="2">arabic</marc:subfield>
        </marc:datafield>
        <marc:datafield tag="999" ind1=" " ind2=" ">
            <marc:subfield code="a">DATA LIB 00840 LDC 2006S43</marc:subfield>
            <marc:subfield code="w">LC</marc:subfield>
            <marc:subfield code="c">1</marc:subfield>
            <marc:subfield code="i">0162023281965</marc:subfield>
            <marc:subfield code="l">DATA_REF</marc:subfield>
            <marc:subfield code="m">UASCITECH</marc:subfield>
            <marc:subfield code="p">$150.00</marc:subfield>
            <marc:subfield code="r">Y</marc:subfield>
            <marc:subfield code="s">Y</marc:subfield>
            <marc:subfield code="t">NO_LOAN</marc:subfield>
            <marc:subfield code="u">11/30/2006</marc:subfield>
        </marc:datafield>
    </marc:record>