
    <marc:record>
        <marc:leader>03691cmm a2200445Ia 4500</marc:leader>
        <marc:controlfield tag="001">4152676</marc:controlfield>
        <marc:controlfield tag="003">OCoLC</marc:controlfield>
        <marc:controlfield tag="005">20080520135439.0</marc:controlfield>
        <marc:controlfield tag="007">co nga|m||||||</marc:controlfield>
        <marc:controlfield tag="008">060502s2005    pau        m        eng d</marc:controlfield>
        <marc:datafield tag="020" ind1=" " ind2=" ">
            <marc:subfield code="a">1585633577</marc:subfield>
        </marc:datafield>
        <marc:datafield tag="020" ind1=" " ind2=" ">
            <marc:subfield code="a">9781585633579</marc:subfield>
        </marc:datafield>
        <marc:datafield tag="035" ind1=" " ind2=" ">
            <marc:subfield code="a">(Sirsi) 68042933</marc:subfield>
        </marc:datafield>
        <marc:datafield tag="035" ind1=" " ind2=" ">
            <marc:subfield code="a">ocm68042933</marc:subfield>
        </marc:datafield>
        <marc:datafield tag="040" ind1=" " ind2=" ">
            <marc:subfield code="a">RCE</marc:subfield>
            <marc:subfield code="b">eng</marc:subfield>
            <marc:subfield code="c">RCE</marc:subfield>
            <marc:subfield code="d">RCE</marc:subfield>
            <marc:subfield code="d">AEU</marc:subfield>
        </marc:datafield>
        <marc:datafield tag="050" ind1=" " ind2=" ">
            <marc:subfield code="a">P98</marc:subfield>
            <marc:subfield code="b">.M455 2005</marc:subfield>
        </marc:datafield>
        <marc:datafield tag="090" ind1=" " ind2=" ">
            <marc:subfield code="a">DATA LIB 00840 LDC 2005S16</marc:subfield>
            <marc:subfield code="b">AEU</marc:subfield>
        </marc:datafield>
        <marc:datafield tag="245" ind1="0" ind2="0">
            <marc:subfield code="a">MDE RT-04 training data speech</marc:subfield>
            <marc:subfield code="h">[electronic resource] /</marc:subfield>
            <marc:subfield code="c">[Authors, Haejoong Lee, Stephanie Strassel].</marc:subfield>
        </marc:datafield>
        <marc:datafield tag="246" ind1="3" ind2=" ">
            <marc:subfield code="a">Metadata extraction RT-04 training data speech</marc:subfield>
        </marc:datafield>
        <marc:datafield tag="256" ind1=" " ind2=" ">
            <marc:subfield code="a">Computer data.</marc:subfield>
        </marc:datafield>
        <marc:datafield tag="260" ind1=" " ind2=" ">
            <marc:subfield code="a">[Philadelphia, PA] :</marc:subfield>
            <marc:subfield code="b">Linguistic Data Consortium,</marc:subfield>
            <marc:subfield code="c">c2005.</marc:subfield>
        </marc:datafield>
        <marc:datafield tag="300" ind1=" " ind2=" ">
            <marc:subfield code="a">2 DVD-ROMs ;</marc:subfield>
            <marc:subfield code="c">4 3/4 in.</marc:subfield>
        </marc:datafield>
        <marc:datafield tag="336" ind1=" " ind2=" ">
            <marc:subfield code="a">computer dataset</marc:subfield>
            <marc:subfield code="b">cod</marc:subfield>
            <marc:subfield code="2">rdacontent</marc:subfield>
        </marc:datafield>
        <marc:datafield tag="337" ind1=" " ind2=" ">
            <marc:subfield code="a">computer</marc:subfield>
            <marc:subfield code="b">c</marc:subfield>
            <marc:subfield code="2">rdamedia</marc:subfield>
        </marc:datafield>
        <marc:datafield tag="490" ind1="1" ind2=" ">
            <marc:subfield code="a">LDC corpora ;</marc:subfield>
            <marc:subfield code="v">LDC2005S16</marc:subfield>
        </marc:datafield>
        <marc:datafield tag="500" ind1=" " ind2=" ">
            <marc:subfield code="a">Title from index.html on DVD.</marc:subfield>
        </marc:datafield>
        <marc:datafield tag="500" ind1=" " ind2=" ">
            <marc:subfield code="a">&quot;LDC2005S16.&quot;</marc:subfield>
        </marc:datafield>
        <marc:datafield tag="520" ind1=" " ind2=" ">
            <marc:subfield code="a">&quot;This corpus was created by Linguistic Data Consortium to provide training data for the RT-04 Fall Metadata Extraction (MDE) Evaluation, part of the DARPA EARS (Efficient, Affordable, Reusable Speech-to-Text) Program. This data set has been created and distributed by Linguistic Data Consortium. This data was previously released to the EARS MDE community as LDC2004E31. The goal of MDE is to enable technology that can take raw Speech-to-Text output and refine it into forms that are of more use to humans and to downstream automatic processes. In simple terms, this means the creation of automatic transcripts that are maximally readable. This readability might be achieved in a number of ways: flagging non-content words like filled pauses and discourse markers for optional removal; marking sections of disfluent speech; and creating boundaries between natural breakpoints in the flow of speech so that each sentence or other meaningful unit of speech might be presented on a separate line within the resulting transcript. Natural capitalization, punctuation and standardized spelling, plus sensible conventions for representing speaker turns and identity are further elements in the readable transcript. LDC has defined a SimpleMDE annotation task specification and has annotated English telephone and broadcast news data to provide training data for MDE. The transcript and annotation files corresponding to this release are available as LDC2005ST4 (MDE RT04 Training Text/Annotations). In general, there is one-to-one correspondence between speech files and annotation files with one exception: several .ag.xml annotation files correspond to one speech file in the bnews corpus. It's because the bnews files were divided into roughly 5 minute chunks and then each chunk was annotated as a unit. These chunks are labeled with &quot;-split001&quot;, &quot;-split002&quot;, etc. Note that the ag-to-rttm script combines these chunks together, so the one-to-one correspondence is kept between the speech files and .rttm files.&quot;--index.html</marc:subfield>
        </marc:datafield>
        <marc:datafield tag="538" ind1=" " ind2=" ">
            <marc:subfield code="a">System requirements: DVD-ROM drive; software to process .wav files.</marc:subfield>
        </marc:datafield>
        <marc:datafield tag="596" ind1=" " ind2=" ">
            <marc:subfield code="a">48</marc:subfield>
        </marc:datafield>
        <marc:datafield tag="650" ind1=" " ind2="0">
            <marc:subfield code="a">Computational linguistics</marc:subfield>
            <marc:subfield code="v">Databases.</marc:subfield>
        </marc:datafield>
        <marc:datafield tag="650" ind1=" " ind2="0">
            <marc:subfield code="a">Metadatabases.</marc:subfield>
        </marc:datafield>
        <marc:datafield tag="700" ind1="1" ind2=" ">
            <marc:subfield code="a">Lee, Haejoong.</marc:subfield>
        </marc:datafield>
        <marc:datafield tag="700" ind1="1" ind2=" ">
            <marc:subfield code="a">Strassel, Stephanie.</marc:subfield>
        </marc:datafield>
        <marc:datafield tag="710" ind1="2" ind2=" ">
            <marc:subfield code="a">Linguistic Data Consortium.</marc:subfield>
        </marc:datafield>
        <marc:datafield tag="730" ind1="0" ind2=" ">
            <marc:subfield code="a">MDE RT-04 training data text/annotations.</marc:subfield>
        </marc:datafield>
        <marc:datafield tag="830" ind1=" " ind2="0">
            <marc:subfield code="a">LDC corpora ;</marc:subfield>
            <marc:subfield code="v">LDC2005S16.</marc:subfield>
        </marc:datafield>
        <marc:datafield tag="856" ind1="4" ind2="2">
            <marc:subfield code="z">For additional information on data files, see LDC web-site</marc:subfield>
            <marc:subfield code="u">http://www.ldc.upenn.edu/Catalog/CatalogEntry.jsp?catalogId=LDC2005S16</marc:subfield>
        </marc:datafield>
        <marc:datafield tag="990" ind1=" " ind2=" ">
            <marc:subfield code="1">OLAC</marc:subfield>
            <marc:subfield code="2">English</marc:subfield>
        </marc:datafield>
        <marc:datafield tag="999" ind1=" " ind2=" ">
            <marc:subfield code="a">DATA LIB 00840 LDC 2005S16</marc:subfield>
            <marc:subfield code="w">LC</marc:subfield>
            <marc:subfield code="c">1</marc:subfield>
            <marc:subfield code="i">0162025592831</marc:subfield>
            <marc:subfield code="l">DATA_REF</marc:subfield>
            <marc:subfield code="m">UASCITECH</marc:subfield>
            <marc:subfield code="p">$150.00</marc:subfield>
            <marc:subfield code="r">Y</marc:subfield>
            <marc:subfield code="s">Y</marc:subfield>
            <marc:subfield code="t">NO_LOAN</marc:subfield>
            <marc:subfield code="u">5/20/2008</marc:subfield>
            <marc:subfield code="x">DATABASE</marc:subfield>
        </marc:datafield>
    </marc:record>