
    <marc:record>
        <marc:leader>05212cmm a2200493Ia 4500</marc:leader>
        <marc:controlfield tag="001">4152683</marc:controlfield>
        <marc:controlfield tag="003">OCoLC</marc:controlfield>
        <marc:controlfield tag="005">20080520140028.0</marc:controlfield>
        <marc:controlfield tag="007">co ugu|m||||||</marc:controlfield>
        <marc:controlfield tag="008">050705s2004    pau        m        eng d</marc:controlfield>
        <marc:datafield tag="020" ind1=" " ind2=" ">
            <marc:subfield code="a">1585633054</marc:subfield>
        </marc:datafield>
        <marc:datafield tag="020" ind1=" " ind2=" ">
            <marc:subfield code="a">9781585633050</marc:subfield>
        </marc:datafield>
        <marc:datafield tag="035" ind1=" " ind2=" ">
            <marc:subfield code="a">(Sirsi) 60803351</marc:subfield>
        </marc:datafield>
        <marc:datafield tag="035" ind1=" " ind2=" ">
            <marc:subfield code="a">ocm60803351</marc:subfield>
        </marc:datafield>
        <marc:datafield tag="040" ind1=" " ind2=" ">
            <marc:subfield code="a">IXA</marc:subfield>
            <marc:subfield code="b">eng</marc:subfield>
            <marc:subfield code="c">IXA</marc:subfield>
            <marc:subfield code="d">RCE</marc:subfield>
            <marc:subfield code="d">AEU</marc:subfield>
        </marc:datafield>
        <marc:datafield tag="050" ind1=" " ind2=" ">
            <marc:subfield code="a">PE2808.5</marc:subfield>
            <marc:subfield code="b">.T86 2004</marc:subfield>
        </marc:datafield>
        <marc:datafield tag="090" ind1=" " ind2=" ">
            <marc:subfield code="a">DATA LIB 00840 LDC 2004T15</marc:subfield>
            <marc:subfield code="b">AEU</marc:subfield>
        </marc:datafield>
        <marc:datafield tag="245" ind1="0" ind2="0">
            <marc:subfield code="a">2000 communicator dialogue act tagged</marc:subfield>
            <marc:subfield code="h">[electronic resource] /</marc:subfield>
            <marc:subfield code="c">[Authors, Rashmi Prasad and Marilyn Walker].</marc:subfield>
        </marc:datafield>
        <marc:datafield tag="246" ind1="3" ind2=" ">
            <marc:subfield code="a">Two-thousand communicator dialogue act tagged</marc:subfield>
        </marc:datafield>
        <marc:datafield tag="246" ind1="3" ind2="0">
            <marc:subfield code="a">Communicator dialogue act tagged</marc:subfield>
        </marc:datafield>
        <marc:datafield tag="256" ind1=" " ind2=" ">
            <marc:subfield code="a">Computer data.</marc:subfield>
        </marc:datafield>
        <marc:datafield tag="260" ind1=" " ind2=" ">
            <marc:subfield code="a">[Philadelphia, Pa.] :</marc:subfield>
            <marc:subfield code="b">Linguistic Data Consortium,</marc:subfield>
            <marc:subfield code="c">c2004.</marc:subfield>
        </marc:datafield>
        <marc:datafield tag="300" ind1=" " ind2=" ">
            <marc:subfield code="a">1 CD-ROM ;</marc:subfield>
            <marc:subfield code="c">4 3/4 in.</marc:subfield>
        </marc:datafield>
        <marc:datafield tag="336" ind1=" " ind2=" ">
            <marc:subfield code="a">computer dataset</marc:subfield>
            <marc:subfield code="b">cod</marc:subfield>
            <marc:subfield code="2">rdacontent</marc:subfield>
        </marc:datafield>
        <marc:datafield tag="337" ind1=" " ind2=" ">
            <marc:subfield code="a">computer</marc:subfield>
            <marc:subfield code="b">c</marc:subfield>
            <marc:subfield code="2">rdamedia</marc:subfield>
        </marc:datafield>
        <marc:datafield tag="490" ind1="1" ind2=" ">
            <marc:subfield code="a">LDC corpora ;</marc:subfield>
            <marc:subfield code="v">LDC2004T15</marc:subfield>
        </marc:datafield>
        <marc:datafield tag="500" ind1=" " ind2=" ">
            <marc:subfield code="a">Title from index.html on CD-ROM.</marc:subfield>
        </marc:datafield>
        <marc:datafield tag="500" ind1=" " ind2=" ">
            <marc:subfield code="a">&quot;LDC2004T15.&quot;</marc:subfield>
        </marc:datafield>
        <marc:datafield tag="520" ind1=" " ind2=" ">
            <marc:subfield code="a">&quot;2000 Communicator Dialogue Act Tagged was produced by Linguistic Data Consortium (LDC) catalog number LDC2004T15 and ISBN 1-58563-305-4. This corpus is an addendum to the 2000 Communicator Evaluation corpus produced by the LDC in 2002. This addendum contains annotations on the transcriptions of the system and user utterances as taken from the logfiles of the 2000 Communicator Evaluation corpus. The version of the logfiles used for Dialogue Act annotation do not contain the time stamps as were recorded in the original logfiles published in the 2000 Communicator Evaluation corpus. The logfiles without the time stamps are released as part of this addendum. Dialogue tasks, turns and utterances in these logfiles can be aligned with those in the original time-stamped logfiles and the alignment projected to the Dialogue Act Annotations. Dialogue Act annotations are provided for system utterances in the dialogues. The dialogue act tags follow the DATE (Dialogue Act Tagging for Evaluation) scheme. Three papers describing the DATE scheme are provided in the doc directory. In addition, both system as well as user utterances are tagged for named entities. For further description of the 2000 Communicator Evaluation corpus, please refer to the main publication from 2002 (LDC2002S56).&quot;--index.html.</marc:subfield>
        </marc:datafield>
        <marc:datafield tag="520" ind1=" " ind2=" ">
            <marc:subfield code="a">&quot;The complete Dialogue Act annotated corpus is available as a single XML text file totalling approximately 16 MB. The total number of dialogues is 648. The non-time-stamped versions of the logfiles are available in the data/raw-dialogs-2000 directory. The total number of logfiles is 663. The difference between the number of annotated dialogues and the number of logfiles is due to the fact that some of the logfiles are empty. Only non-empty logfiles were used for annotation. There are 314223 words (tokens) and 1403985 unique words. Each dialogue is segmented into system and user turns. The total number of turns for the entire corpus is 24728 (13013 system turns and 11715 user turns). Except for one system (see the readme file in the doc directory), no utterance segmentation was done within the turns in the log files. We have therefore treated the number of utterances to be the same as the number of turns. However, utterance segmentation is partially reflected in the dialogue act segmentation. The total number of tagged dialogue acts is 22701 with 61 unique tags (see the readme file in the doc directory for the list of dialogue act tags appearing in this corpus: each dialogue act tag is listed with its frequency of occurrence). There are a total of 275938 words in the system utterances and a total of 38285 words in the user utterances. Dialogue Act tagging was done automatically using pattern matching with human-labeled dialogue utterances used by the 9 different participating Communicator Systems. Named entity tagging also followed the same methodology. For more information about the dialogue act tagging scheme and the dialogue act labels represented in the corpus, please consult the readme file in the doc directory. The file da_tagged_communicator_2000.dtd in the dtd directory provides the formal &quot;Document Type Declaration&quot; for parsing the XML content. The corpus has been fully validated by a standard XML parser utility (RXP), using this DTD file.&quot;--index.html.</marc:subfield>
        </marc:datafield>
        <marc:datafield tag="538" ind1=" " ind2=" ">
            <marc:subfield code="a">System requirements: CD-ROM drive, web browser, other software requirements not specified.</marc:subfield>
        </marc:datafield>
        <marc:datafield tag="596" ind1=" " ind2=" ">
            <marc:subfield code="a">48</marc:subfield>
        </marc:datafield>
        <marc:datafield tag="650" ind1=" " ind2="0">
            <marc:subfield code="a">English language</marc:subfield>
            <marc:subfield code="x">Spoken English</marc:subfield>
            <marc:subfield code="z">United States</marc:subfield>
            <marc:subfield code="x">Data processing</marc:subfield>
            <marc:subfield code="v">Databases.</marc:subfield>
        </marc:datafield>
        <marc:datafield tag="650" ind1=" " ind2="0">
            <marc:subfield code="a">Automatic speech recognition</marc:subfield>
            <marc:subfield code="v">Databases.</marc:subfield>
        </marc:datafield>
        <marc:datafield tag="650" ind1=" " ind2="0">
            <marc:subfield code="a">Dialogues.</marc:subfield>
        </marc:datafield>
        <marc:datafield tag="650" ind1=" " ind2="0">
            <marc:subfield code="a">Natural language processing (Computer science)</marc:subfield>
        </marc:datafield>
        <marc:datafield tag="700" ind1="1" ind2=" ">
            <marc:subfield code="a">Prasad, Rashmi.</marc:subfield>
        </marc:datafield>
        <marc:datafield tag="700" ind1="1" ind2=" ">
            <marc:subfield code="a">Walker, Marilyn A.</marc:subfield>
        </marc:datafield>
        <marc:datafield tag="710" ind1="2" ind2=" ">
            <marc:subfield code="a">Linguistic Data Consortium.</marc:subfield>
        </marc:datafield>
        <marc:datafield tag="740" ind1="0" ind2=" ">
            <marc:subfield code="a">2000 communicator evaluation.</marc:subfield>
        </marc:datafield>
        <marc:datafield tag="830" ind1=" " ind2="0">
            <marc:subfield code="a">LDC corpora ;</marc:subfield>
            <marc:subfield code="v">LDC2004T15.</marc:subfield>
        </marc:datafield>
        <marc:datafield tag="856" ind1="4" ind2="2">
            <marc:subfield code="z">For additional information on data files, see LDC web-site</marc:subfield>
            <marc:subfield code="u">http://www.ldc.upenn.edu/Catalog/CatalogEntry.jsp?catalogId=LDC2004T15</marc:subfield>
        </marc:datafield>
        <marc:datafield tag="990" ind1=" " ind2=" ">
            <marc:subfield code="1">OLAC</marc:subfield>
            <marc:subfield code="2">English</marc:subfield>
        </marc:datafield>
        <marc:datafield tag="999" ind1=" " ind2=" ">
            <marc:subfield code="a">DATA LIB 00840 LDC 2004T15</marc:subfield>
            <marc:subfield code="w">LC</marc:subfield>
            <marc:subfield code="c">1</marc:subfield>
            <marc:subfield code="i">0162025592534</marc:subfield>
            <marc:subfield code="l">DATA_REF</marc:subfield>
            <marc:subfield code="m">UASCITECH</marc:subfield>
            <marc:subfield code="p">$150.00</marc:subfield>
            <marc:subfield code="r">Y</marc:subfield>
            <marc:subfield code="s">Y</marc:subfield>
            <marc:subfield code="t">NO_LOAN</marc:subfield>
            <marc:subfield code="u">5/20/2008</marc:subfield>
            <marc:subfield code="x">DATABASE</marc:subfield>
        </marc:datafield>
    </marc:record>