
    <marc:record>
        <marc:leader>02082cmm a2200397 a 4500</marc:leader>
        <marc:controlfield tag="001">4177942</marc:controlfield>
        <marc:controlfield tag="003">OCoLC</marc:controlfield>
        <marc:controlfield tag="005">20070216181620.0</marc:controlfield>
        <marc:controlfield tag="007">co ug|||||||||</marc:controlfield>
        <marc:controlfield tag="008">070201s2008    pau        d        ara d</marc:controlfield>
        <marc:datafield tag="020" ind1=" " ind2=" ">
            <marc:subfield code="a">1585634794</marc:subfield>
        </marc:datafield>
        <marc:datafield tag="035" ind1=" " ind2=" ">
            <marc:subfield code="a">(Sirsi) i9781585634798</marc:subfield>
        </marc:datafield>
        <marc:datafield tag="035" ind1=" " ind2=" ">
            <marc:subfield code="a">ocn236346911</marc:subfield>
        </marc:datafield>
        <marc:datafield tag="040" ind1=" " ind2=" ">
            <marc:subfield code="a">AEU</marc:subfield>
            <marc:subfield code="b">eng</marc:subfield>
        </marc:datafield>
        <marc:datafield tag="041" ind1="0" ind2=" ">
            <marc:subfield code="a">ara</marc:subfield>
            <marc:subfield code="a">eng</marc:subfield>
        </marc:datafield>
        <marc:datafield tag="050" ind1=" " ind2=" ">
            <marc:subfield code="a">D856</marc:subfield>
            <marc:subfield code="b">.A793 2008 parallel text</marc:subfield>
        </marc:datafield>
        <marc:datafield tag="090" ind1=" " ind2=" ">
            <marc:subfield code="a">DATA LIB 00840 LDC 2008T09</marc:subfield>
            <marc:subfield code="b">AEU</marc:subfield>
        </marc:datafield>
        <marc:datafield tag="245" ind1="0" ind2="0">
            <marc:subfield code="a">GALE phase 1, Arabic broadcast news, parallel text.</marc:subfield>
            <marc:subfield code="n">Part 2</marc:subfield>
            <marc:subfield code="h">[electronic resource]</marc:subfield>
        </marc:datafield>
        <marc:datafield tag="246" ind1="1" ind2="0">
            <marc:subfield code="a">Arabic broadcast news, parallel text</marc:subfield>
            <marc:subfield code="n">Part 2</marc:subfield>
        </marc:datafield>
        <marc:datafield tag="260" ind1=" " ind2=" ">
            <marc:subfield code="a">[Philadelphia, PA] :</marc:subfield>
            <marc:subfield code="b">Linguistic Data Consortium,</marc:subfield>
            <marc:subfield code="c">c2008.</marc:subfield>
        </marc:datafield>
        <marc:datafield tag="300" ind1=" " ind2=" ">
            <marc:subfield code="a">1 CD-ROM ;</marc:subfield>
            <marc:subfield code="c">4 3/4 in.</marc:subfield>
        </marc:datafield>
        <marc:datafield tag="336" ind1=" " ind2=" ">
            <marc:subfield code="a">text</marc:subfield>
            <marc:subfield code="b">txt</marc:subfield>
            <marc:subfield code="2">rdacontent</marc:subfield>
        </marc:datafield>
        <marc:datafield tag="337" ind1=" " ind2=" ">
            <marc:subfield code="a">computer</marc:subfield>
            <marc:subfield code="b">c</marc:subfield>
            <marc:subfield code="2">rdamedia</marc:subfield>
        </marc:datafield>
        <marc:datafield tag="490" ind1="1" ind2=" ">
            <marc:subfield code="a">LDC corpora ;</marc:subfield>
            <marc:subfield code="v">LDC2008T09</marc:subfield>
        </marc:datafield>
        <marc:datafield tag="500" ind1=" " ind2=" ">
            <marc:subfield code="a">Title from disc label.</marc:subfield>
        </marc:datafield>
        <marc:datafield tag="500" ind1=" " ind2=" ">
            <marc:subfield code="a">&quot;LDC2008T09.&quot;</marc:subfield>
        </marc:datafield>
        <marc:datafield tag="520" ind1=" " ind2=" ">
            <marc:subfield code="a">&quot;GALE Phase 1 Arabic Broadcast News Parallel Text - Part 2 is the second of the three-part GALE Phase 1 Arabic Broadcast News Parallel Text, which, along with other corpora, was used as training data in year 1 (Phase 1) of the DARPA-funded GALE program. GALE Phase 1 Arabic Broadcast News Parallel Text - Part 1 was released in 2007. GALE Phase 1 Arabic Broadcast News Parallel Text - Part 2 contains transcripts and English translations of 10.7 hours of Arabic broadcast news programming selected from various sources. This corpus does not contain the audio files from which the transcripts and translations were generated.&quot;</marc:subfield>
        </marc:datafield>
        <marc:datafield tag="596" ind1=" " ind2=" ">
            <marc:subfield code="a">48</marc:subfield>
        </marc:datafield>
        <marc:datafield tag="650" ind1=" " ind2="0">
            <marc:subfield code="a">Foreign news</marc:subfield>
            <marc:subfield code="v">Databases.</marc:subfield>
        </marc:datafield>
        <marc:datafield tag="650" ind1=" " ind2="0">
            <marc:subfield code="a">Arabic language</marc:subfield>
            <marc:subfield code="x">Spoken Arabic</marc:subfield>
            <marc:subfield code="v">Databases.</marc:subfield>
        </marc:datafield>
        <marc:datafield tag="710" ind1="2" ind2=" ">
            <marc:subfield code="a">Linguistic Data Consortium.</marc:subfield>
        </marc:datafield>
        <marc:datafield tag="740" ind1="0" ind2=" ">
            <marc:subfield code="a">Arabic broadcast news speech.</marc:subfield>
        </marc:datafield>
        <marc:datafield tag="830" ind1=" " ind2="0">
            <marc:subfield code="a">LDC corpora ;</marc:subfield>
            <marc:subfield code="v">LDC2008T09.</marc:subfield>
        </marc:datafield>
        <marc:datafield tag="856" ind1="4" ind2="2">
            <marc:subfield code="z">For additional information on data files, see LDC website:</marc:subfield>
            <marc:subfield code="u">http://www.ldc.upenn.edu/Catalog/CatalogEntry.jsp?catalogId=LDC2008T09</marc:subfield>
        </marc:datafield>
        <marc:datafield tag="990" ind1=" " ind2=" ">
            <marc:subfield code="1">OLAC</marc:subfield>
            <marc:subfield code="2">Arabic</marc:subfield>
            <marc:subfield code="2">English</marc:subfield>
        </marc:datafield>
        <marc:datafield tag="999" ind1=" " ind2=" ">
            <marc:subfield code="a">DATA LIB 00840 LDC 2008T09</marc:subfield>
            <marc:subfield code="w">LC</marc:subfield>
            <marc:subfield code="c">1</marc:subfield>
            <marc:subfield code="i">0162026676369</marc:subfield>
            <marc:subfield code="l">DATA_REF</marc:subfield>
            <marc:subfield code="m">UASCITECH</marc:subfield>
            <marc:subfield code="p">$150.00</marc:subfield>
            <marc:subfield code="r">Y</marc:subfield>
            <marc:subfield code="s">Y</marc:subfield>
            <marc:subfield code="t">NO_LOAN</marc:subfield>
            <marc:subfield code="u">7/23/2008</marc:subfield>
            <marc:subfield code="x">DATABASE</marc:subfield>
        </marc:datafield>
    </marc:record>