
    <marc:record>
        <marc:leader>01929cmm a2200397 a 4500</marc:leader>
        <marc:controlfield tag="001">4181517</marc:controlfield>
        <marc:controlfield tag="003">OCoLC</marc:controlfield>
        <marc:controlfield tag="005">20061130131753.0</marc:controlfield>
        <marc:controlfield tag="007">co cg|||||||||</marc:controlfield>
        <marc:controlfield tag="008">080304s2008    pau        m        eng d</marc:controlfield>
        <marc:datafield tag="020" ind1=" " ind2=" ">
            <marc:subfield code="a">1585634786</marc:subfield>
        </marc:datafield>
        <marc:datafield tag="020" ind1=" " ind2=" ">
            <marc:subfield code="a">9781585634781</marc:subfield>
        </marc:datafield>
        <marc:datafield tag="035" ind1=" " ind2=" ">
            <marc:subfield code="a">(Sirsi) i9781585634781</marc:subfield>
        </marc:datafield>
        <marc:datafield tag="035" ind1=" " ind2=" ">
            <marc:subfield code="a">ocn237884332</marc:subfield>
        </marc:datafield>
        <marc:datafield tag="040" ind1=" " ind2=" ">
            <marc:subfield code="a">AEU</marc:subfield>
            <marc:subfield code="b">eng</marc:subfield>
        </marc:datafield>
        <marc:datafield tag="090" ind1=" " ind2=" ">
            <marc:subfield code="a">DATA LIB 00840 LDC 2008S06</marc:subfield>
            <marc:subfield code="b">AEU</marc:subfield>
        </marc:datafield>
        <marc:datafield tag="245" ind1="0" ind2="0">
            <marc:subfield code="a">CSLU alphadigit.</marc:subfield>
            <marc:subfield code="n">Version 1.3</marc:subfield>
            <marc:subfield code="h">[electronic resource].</marc:subfield>
        </marc:datafield>
        <marc:datafield tag="246" ind1="3" ind2=" ">
            <marc:subfield code="a">Center for Spoken Language Understanding alphadigit.</marc:subfield>
            <marc:subfield code="n">Version 1.3</marc:subfield>
        </marc:datafield>
        <marc:datafield tag="246" ind1="3" ind2="0">
            <marc:subfield code="a">Alphadigit.</marc:subfield>
            <marc:subfield code="n">Version 1.3</marc:subfield>
        </marc:datafield>
        <marc:datafield tag="260" ind1=" " ind2=" ">
            <marc:subfield code="a">[Philadelphia, Pa.] :</marc:subfield>
            <marc:subfield code="b">Linguistic Data Consortium,</marc:subfield>
            <marc:subfield code="c">c2008.</marc:subfield>
        </marc:datafield>
        <marc:datafield tag="300" ind1=" " ind2=" ">
            <marc:subfield code="a">2 DVD-ROMs ;</marc:subfield>
            <marc:subfield code="c">4 3/4 in.</marc:subfield>
        </marc:datafield>
        <marc:datafield tag="336" ind1=" " ind2=" ">
            <marc:subfield code="a">computer dataset</marc:subfield>
            <marc:subfield code="b">cod</marc:subfield>
            <marc:subfield code="2">rdacontent</marc:subfield>
        </marc:datafield>
        <marc:datafield tag="337" ind1=" " ind2=" ">
            <marc:subfield code="a">computer</marc:subfield>
            <marc:subfield code="b">c</marc:subfield>
            <marc:subfield code="2">rdamedia</marc:subfield>
        </marc:datafield>
        <marc:datafield tag="490" ind1="1" ind2=" ">
            <marc:subfield code="a">LDC corpora ;</marc:subfield>
            <marc:subfield code="v">LDC2008S06</marc:subfield>
        </marc:datafield>
        <marc:datafield tag="500" ind1=" " ind2=" ">
            <marc:subfield code="a">Title from disc label.</marc:subfield>
        </marc:datafield>
        <marc:datafield tag="500" ind1=" " ind2=" ">
            <marc:subfield code="a">&quot;LDC2008S06.&quot;</marc:subfield>
        </marc:datafield>
        <marc:datafield tag="520" ind1=" " ind2=" ">
            <marc:subfield code="a">&quot;Alphadigit Version 1.3 is a collection of 78,044 utterances from 3,025 speakers saying six-digit strings of letters and digits over the telephone for a total of approximately 82 hours of speech. Each speech file has corresponding orthographic and phonemic transcriptions. This corpus was created by the Center for Spoken Language Understanding (CSLU), Oregon Health &amp; Science University, Beaverton, Oregon.&quot;</marc:subfield>
        </marc:datafield>
        <marc:datafield tag="596" ind1=" " ind2=" ">
            <marc:subfield code="a">48</marc:subfield>
        </marc:datafield>
        <marc:datafield tag="650" ind1=" " ind2="0">
            <marc:subfield code="a">Computational linguistics</marc:subfield>
            <marc:subfield code="v">Databases.</marc:subfield>
        </marc:datafield>
        <marc:datafield tag="650" ind1=" " ind2="0">
            <marc:subfield code="a">English language</marc:subfield>
            <marc:subfield code="x">Spoken English</marc:subfield>
            <marc:subfield code="v">Databases.</marc:subfield>
        </marc:datafield>
        <marc:datafield tag="710" ind1="2" ind2=" ">
            <marc:subfield code="a">Linguistic Data Consortium.</marc:subfield>
        </marc:datafield>
        <marc:datafield tag="710" ind1="2" ind2=" ">
            <marc:subfield code="a">Oregon Health Sciences University.</marc:subfield>
            <marc:subfield code="b">Center for Spoken Language Understanding.</marc:subfield>
        </marc:datafield>
        <marc:datafield tag="830" ind1=" " ind2="0">
            <marc:subfield code="a">LDC corpora ;</marc:subfield>
            <marc:subfield code="v">LDC2008S06.</marc:subfield>
        </marc:datafield>
        <marc:datafield tag="856" ind1="4" ind2="2">
            <marc:subfield code="z">For additional information on data files, see the LDC website</marc:subfield>
            <marc:subfield code="u">http://www.ldc.upenn.edu/Catalog/CatalogEntry.jsp?catalogId=LDC2008S06</marc:subfield>
        </marc:datafield>
        <marc:datafield tag="990" ind1=" " ind2=" ">
            <marc:subfield code="1">OLAC</marc:subfield>
            <marc:subfield code="2">English</marc:subfield>
        </marc:datafield>
        <marc:datafield tag="999" ind1=" " ind2=" ">
            <marc:subfield code="a">DATA LIB 00840 LDC 2008S06</marc:subfield>
            <marc:subfield code="w">LC</marc:subfield>
            <marc:subfield code="c">1</marc:subfield>
            <marc:subfield code="i">0162026735439</marc:subfield>
            <marc:subfield code="l">DATA_REF</marc:subfield>
            <marc:subfield code="m">UASCITECH</marc:subfield>
            <marc:subfield code="p">$150.00</marc:subfield>
            <marc:subfield code="r">Y</marc:subfield>
            <marc:subfield code="s">Y</marc:subfield>
            <marc:subfield code="t">NO_LOAN</marc:subfield>
            <marc:subfield code="u">7/29/2008</marc:subfield>
            <marc:subfield code="x">DATABASE</marc:subfield>
        </marc:datafield>
    </marc:record>