
    <marc:record>
        <marc:leader>02660cmm a2200529Ia 4500</marc:leader>
        <marc:controlfield tag="001">5428247</marc:controlfield>
        <marc:controlfield tag="003">OCoLC</marc:controlfield>
        <marc:controlfield tag="005">20111216180615.0</marc:controlfield>
        <marc:controlfield tag="007">co ugu---uu|||</marc:controlfield>
        <marc:controlfield tag="008">111216s2011    pau        c        eng d</marc:controlfield>
        <marc:datafield tag="020" ind1=" " ind2=" ">
            <marc:subfield code="a">1585635987</marc:subfield>
        </marc:datafield>
        <marc:datafield tag="020" ind1=" " ind2=" ">
            <marc:subfield code="a">9781585635986</marc:subfield>
        </marc:datafield>
        <marc:datafield tag="035" ind1=" " ind2=" ">
            <marc:subfield code="a">(Sirsi) i9781585635986</marc:subfield>
        </marc:datafield>
        <marc:datafield tag="035" ind1=" " ind2=" ">
            <marc:subfield code="a">ocn768496954</marc:subfield>
        </marc:datafield>
        <marc:datafield tag="040" ind1=" " ind2=" ">
            <marc:subfield code="a">UAB</marc:subfield>
            <marc:subfield code="c">UAB</marc:subfield>
            <marc:subfield code="d">UAB</marc:subfield>
        </marc:datafield>
        <marc:datafield tag="049" ind1=" " ind2=" ">
            <marc:subfield code="a">UABA</marc:subfield>
        </marc:datafield>
        <marc:datafield tag="090" ind1=" " ind2=" ">
            <marc:subfield code="a">DATA LIB 00840 LDC 2011V06</marc:subfield>
            <marc:subfield code="b">AEU</marc:subfield>
        </marc:datafield>
        <marc:datafield tag="245" ind1="0" ind2="0">
            <marc:subfield code="a">2006 NIST/USF evaluation resources for the VACE program, meeting data test set.</marc:subfield>
            <marc:subfield code="n">Part 2</marc:subfield>
            <marc:subfield code="h">[electronic resource].</marc:subfield>
        </marc:datafield>
        <marc:datafield tag="246" ind1="1" ind2="0">
            <marc:subfield code="a">NIST USF evaluation resources for the VACE program, meeting data test set.</marc:subfield>
            <marc:subfield code="n">Part 2</marc:subfield>
            <marc:subfield code="h">[electronic resource]</marc:subfield>
        </marc:datafield>
        <marc:datafield tag="246" ind1="3" ind2=" ">
            <marc:subfield code="a">2006 NIST USF evaluation resources for the VACE program, meeting data test set, part 2</marc:subfield>
            <marc:subfield code="h">[electronic resource]</marc:subfield>
        </marc:datafield>
        <marc:datafield tag="260" ind1=" " ind2=" ">
            <marc:subfield code="a">[Philadelphia, PA] :</marc:subfield>
            <marc:subfield code="b">Linguistic Data Consortium,</marc:subfield>
            <marc:subfield code="c">c2011.</marc:subfield>
        </marc:datafield>
        <marc:datafield tag="300" ind1=" " ind2=" ">
            <marc:subfield code="a">10 DVD-ROM ;</marc:subfield>
            <marc:subfield code="c">4 3/4 in.</marc:subfield>
        </marc:datafield>
        <marc:datafield tag="336" ind1=" " ind2=" ">
            <marc:subfield code="a">computer dataset</marc:subfield>
            <marc:subfield code="b">cod</marc:subfield>
            <marc:subfield code="2">rdacontent</marc:subfield>
        </marc:datafield>
        <marc:datafield tag="337" ind1=" " ind2=" ">
            <marc:subfield code="a">computer</marc:subfield>
            <marc:subfield code="b">c</marc:subfield>
            <marc:subfield code="2">rdamedia</marc:subfield>
        </marc:datafield>
        <marc:datafield tag="490" ind1="1" ind2=" ">
            <marc:subfield code="a">LDC corpora ;</marc:subfield>
            <marc:subfield code="v">LDC2011V06</marc:subfield>
        </marc:datafield>
        <marc:datafield tag="500" ind1=" " ind2=" ">
            <marc:subfield code="a">Title from disc label.</marc:subfield>
        </marc:datafield>
        <marc:datafield tag="500" ind1=" " ind2=" ">
            <marc:subfield code="a">Authors: Rangachar Kasturi et al.</marc:subfield>
        </marc:datafield>
        <marc:datafield tag="500" ind1=" " ind2=" ">
            <marc:subfield code="a">Data type: Video.</marc:subfield>
        </marc:datafield>
        <marc:datafield tag="500" ind1=" " ind2=" ">
            <marc:subfield code="a">Date source: Meeting speech.</marc:subfield>
        </marc:datafield>
        <marc:datafield tag="500" ind1=" " ind2=" ">
            <marc:subfield code="a">Applications: Content-based retrieval from digital video, information extraction from video, video event detection.</marc:subfield>
        </marc:datafield>
        <marc:datafield tag="500" ind1=" " ind2=" ">
            <marc:subfield code="a">&quot;LDC2011V06&quot;.</marc:subfield>
        </marc:datafield>
        <marc:datafield tag="520" ind1=" " ind2=" ">
            <marc:subfield code="a">&quot;It contains approximately twenty hours of meeting room video data collected in 2005 and 2006 and annotated for the VACE (video analysis and content extraction) 2006 face and person tracking tasks. The VACE program was established to develop novel algorithms for automatic video content extraction, multi-modal fusion, and event understanding.&quot; -- LDC online catalogue.</marc:subfield>
        </marc:datafield>
        <marc:datafield tag="596" ind1=" " ind2=" ">
            <marc:subfield code="a">48</marc:subfield>
        </marc:datafield>
        <marc:datafield tag="650" ind1=" " ind2="0">
            <marc:subfield code="a">Content-based image retrieval</marc:subfield>
            <marc:subfield code="v">Databases.</marc:subfield>
        </marc:datafield>
        <marc:datafield tag="650" ind1=" " ind2="0">
            <marc:subfield code="a">Digital video</marc:subfield>
            <marc:subfield code="v">Databases.</marc:subfield>
        </marc:datafield>
        <marc:datafield tag="700" ind1="1" ind2=" ">
            <marc:subfield code="a">Kasturi, Rangachar,</marc:subfield>
            <marc:subfield code="d">1949-</marc:subfield>
        </marc:datafield>
        <marc:datafield tag="710" ind1="2" ind2=" ">
            <marc:subfield code="a">Linguistic Data Consortium.</marc:subfield>
        </marc:datafield>
        <marc:datafield tag="710" ind1="2" ind2=" ">
            <marc:subfield code="a">National Institute of Standards and Technology (U.S.)</marc:subfield>
        </marc:datafield>
        <marc:datafield tag="710" ind1="2" ind2=" ">
            <marc:subfield code="a">University of South Florida.</marc:subfield>
        </marc:datafield>
        <marc:datafield tag="830" ind1=" " ind2="0">
            <marc:subfield code="a">LDC corpora ;</marc:subfield>
            <marc:subfield code="v">LDC2011V06.</marc:subfield>
        </marc:datafield>
        <marc:datafield tag="856" ind1="4" ind2=" ">
            <marc:subfield code="3">For additional information on data files, see the LDC website</marc:subfield>
            <marc:subfield code="u">http://www.ldc.upenn.edu/Catalog/catalogEntry.jsp?catalogId=LDC2011V06</marc:subfield>
        </marc:datafield>
        <marc:datafield tag="948" ind1=" " ind2=" ">
            <marc:subfield code="h">HELD BY UAB - 0 OTHER HOLDINGS</marc:subfield>
        </marc:datafield>
        <marc:datafield tag="990" ind1=" " ind2=" ">
            <marc:subfield code="1">OLAC</marc:subfield>
            <marc:subfield code="2">English</marc:subfield>
        </marc:datafield>
        <marc:datafield tag="994" ind1=" " ind2=" ">
            <marc:subfield code="a">Z0</marc:subfield>
            <marc:subfield code="b">UAB</marc:subfield>
        </marc:datafield>
        <marc:datafield tag="079" ind1=" " ind2=" ">
            <marc:subfield code="a">ocn768496954</marc:subfield>
        </marc:datafield>
        <marc:datafield tag="999" ind1=" " ind2=" ">
            <marc:subfield code="a">DATA LIB 00840 LDC 2011V06 disc.1-5</marc:subfield>
            <marc:subfield code="w">LC</marc:subfield>
            <marc:subfield code="c">1</marc:subfield>
            <marc:subfield code="i">0162030681009</marc:subfield>
            <marc:subfield code="l">DATA_REF</marc:subfield>
            <marc:subfield code="m">UASCITECH</marc:subfield>
            <marc:subfield code="p">$150.00</marc:subfield>
            <marc:subfield code="r">Y</marc:subfield>
            <marc:subfield code="s">Y</marc:subfield>
            <marc:subfield code="t">NO_LOAN</marc:subfield>
            <marc:subfield code="u">12/19/2011</marc:subfield>
            <marc:subfield code="x">DATABASE</marc:subfield>
        </marc:datafield>
        <marc:datafield tag="999" ind1=" " ind2=" ">
            <marc:subfield code="a">DATA LIB 00840 LDC 2011V06 disc.6-10</marc:subfield>
            <marc:subfield code="w">LC</marc:subfield>
            <marc:subfield code="c">1</marc:subfield>
            <marc:subfield code="i">0162030680951</marc:subfield>
            <marc:subfield code="l">DATA_REF</marc:subfield>
            <marc:subfield code="m">UASCITECH</marc:subfield>
            <marc:subfield code="p">$150.00</marc:subfield>
            <marc:subfield code="r">Y</marc:subfield>
            <marc:subfield code="s">Y</marc:subfield>
            <marc:subfield code="t">NO_LOAN</marc:subfield>
            <marc:subfield code="u">12/19/2011</marc:subfield>
            <marc:subfield code="x">DATABASE</marc:subfield>
        </marc:datafield>
    </marc:record>