
    <marc:record>
        <marc:leader>03055cmm a2200517Ia 4500</marc:leader>
        <marc:controlfield tag="001">6596164</marc:controlfield>
        <marc:controlfield tag="003">OCoLC</marc:controlfield>
        <marc:controlfield tag="005">20140522154232.0</marc:controlfield>
        <marc:controlfield tag="007">co ng|---uuuuu</marc:controlfield>
        <marc:controlfield tag="008">140522s2014    pau     q  d        mul d</marc:controlfield>
        <marc:datafield tag="020" ind1=" " ind2=" ">
            <marc:subfield code="a">1585636681</marc:subfield>
        </marc:datafield>
        <marc:datafield tag="020" ind1=" " ind2=" ">
            <marc:subfield code="a">9781585636686</marc:subfield>
        </marc:datafield>
        <marc:datafield tag="035" ind1=" " ind2=" ">
            <marc:subfield code="a">(Sirsi) i9781585636686</marc:subfield>
        </marc:datafield>
        <marc:datafield tag="035" ind1=" " ind2=" ">
            <marc:subfield code="a">ocn880395421</marc:subfield>
        </marc:datafield>
        <marc:datafield tag="040" ind1=" " ind2=" ">
            <marc:subfield code="a">UAB</marc:subfield>
            <marc:subfield code="b">eng</marc:subfield>
            <marc:subfield code="c">UAB</marc:subfield>
            <marc:subfield code="d">UAB</marc:subfield>
        </marc:datafield>
        <marc:datafield tag="041" ind1="0" ind2=" ">
            <marc:subfield code="a">ara</marc:subfield>
            <marc:subfield code="a">chi</marc:subfield>
            <marc:subfield code="a">eng</marc:subfield>
            <marc:subfield code="a">kor</marc:subfield>
            <marc:subfield code="a">per</marc:subfield>
        </marc:datafield>
        <marc:datafield tag="049" ind1=" " ind2=" ">
            <marc:subfield code="a">UABA</marc:subfield>
        </marc:datafield>
        <marc:datafield tag="090" ind1=" " ind2=" ">
            <marc:subfield code="a">DATA LIB 00840 LDC 2014T02</marc:subfield>
            <marc:subfield code="b">AEU</marc:subfield>
        </marc:datafield>
        <marc:datafield tag="245" ind1="0" ind2="0">
            <marc:subfield code="a">NIST 2012 open machine translation (OpenMT) progress test five language source</marc:subfield>
            <marc:subfield code="h">[electronic resource].</marc:subfield>
        </marc:datafield>
        <marc:datafield tag="260" ind1=" " ind2=" ">
            <marc:subfield code="a">[Philadelphia, PA] :</marc:subfield>
            <marc:subfield code="b">Linguistic Data Consortium,</marc:subfield>
            <marc:subfield code="c">2014.</marc:subfield>
        </marc:datafield>
        <marc:datafield tag="300" ind1=" " ind2=" ">
            <marc:subfield code="a">1 CD-ROM ;</marc:subfield>
            <marc:subfield code="c">4 3/4 in.</marc:subfield>
        </marc:datafield>
        <marc:datafield tag="336" ind1=" " ind2=" ">
            <marc:subfield code="a">text</marc:subfield>
            <marc:subfield code="b">txt</marc:subfield>
            <marc:subfield code="2">rdacontent</marc:subfield>
        </marc:datafield>
        <marc:datafield tag="337" ind1=" " ind2=" ">
            <marc:subfield code="a">computer</marc:subfield>
            <marc:subfield code="b">c</marc:subfield>
            <marc:subfield code="2">rdamedia</marc:subfield>
        </marc:datafield>
        <marc:datafield tag="490" ind1="1" ind2=" ">
            <marc:subfield code="a">LDC corpora ;</marc:subfield>
            <marc:subfield code="v">LDC2014T02</marc:subfield>
        </marc:datafield>
        <marc:datafield tag="500" ind1=" " ind2=" ">
            <marc:subfield code="a">Title from disc label.</marc:subfield>
        </marc:datafield>
        <marc:datafield tag="500" ind1=" " ind2=" ">
            <marc:subfield code="a">Author: NIST Multimodal Information Group.</marc:subfield>
        </marc:datafield>
        <marc:datafield tag="500" ind1=" " ind2=" ">
            <marc:subfield code="a">Data type: Text.</marc:subfield>
        </marc:datafield>
        <marc:datafield tag="500" ind1=" " ind2=" ">
            <marc:subfield code="a">Data sources: Web collection, newswire.</marc:subfield>
        </marc:datafield>
        <marc:datafield tag="500" ind1=" " ind2=" ">
            <marc:subfield code="a">Application: Machine translation.</marc:subfield>
        </marc:datafield>
        <marc:datafield tag="520" ind1=" " ind2=" ">
            <marc:subfield code="a">&quot;NIST 2012 Open Machine Translation (OpenMT) Progress Test Five Language Source was developed by NIST Multimodal Information Group. This release contains the evaluation sets (source data and human reference translations), DTD, scoring software, and evaluation plan for the OpenMT 2012 test for Arabic, Chinese, Dari, Farsi, and Korean to English on a parallel data set. The objective of the OpenMT evaluation series is to support research in, and help advance the state of the art of, machine translation (MT) technologies -- technologies that translate text between human languages. Input may include all forms of text. The goal is for the output to be an adequate and fluent translation of the original. The 2012 task included the evaluation of five language pairs: Arabic-to-English, Chinese-to-English, Dari-to-English, Farsi-to-English and Korean-to-English in two source data styles.&quot; -- LDC online catalogue.</marc:subfield>
        </marc:datafield>
        <marc:datafield tag="546" ind1=" " ind2=" ">
            <marc:subfield code="a">Dari, Korean, Persian, English, Mandarin Chinese, Arabic, Iranian Persian, Chinese.</marc:subfield>
        </marc:datafield>
        <marc:datafield tag="596" ind1=" " ind2=" ">
            <marc:subfield code="a">48</marc:subfield>
        </marc:datafield>
        <marc:datafield tag="650" ind1=" " ind2="0">
            <marc:subfield code="a">Machine translating.</marc:subfield>
        </marc:datafield>
        <marc:datafield tag="650" ind1=" " ind2="0">
            <marc:subfield code="a">Arabic language</marc:subfield>
            <marc:subfield code="x">Translating into English</marc:subfield>
            <marc:subfield code="v">Databases.</marc:subfield>
        </marc:datafield>
        <marc:datafield tag="650" ind1=" " ind2="0">
            <marc:subfield code="a">Chinese language</marc:subfield>
            <marc:subfield code="x">Translating into English</marc:subfield>
            <marc:subfield code="v">Databases.</marc:subfield>
        </marc:datafield>
        <marc:datafield tag="650" ind1=" " ind2="0">
            <marc:subfield code="a">Dari language</marc:subfield>
            <marc:subfield code="x">Translating into English</marc:subfield>
            <marc:subfield code="v">Databases.</marc:subfield>
        </marc:datafield>
        <marc:datafield tag="650" ind1=" " ind2="0">
            <marc:subfield code="a">Korean language</marc:subfield>
            <marc:subfield code="x">Translating into English</marc:subfield>
            <marc:subfield code="v">Databases.</marc:subfield>
        </marc:datafield>
        <marc:datafield tag="650" ind1=" " ind2="0">
            <marc:subfield code="a">Persian language</marc:subfield>
            <marc:subfield code="x">Translating into English</marc:subfield>
            <marc:subfield code="v">Databases.</marc:subfield>
        </marc:datafield>
        <marc:datafield tag="710" ind1="2" ind2=" ">
            <marc:subfield code="a">NIST Multimodal Information Group.</marc:subfield>
        </marc:datafield>
        <marc:datafield tag="710" ind1="2" ind2=" ">
            <marc:subfield code="a">National Institute of Standards and Technology (U.S.)</marc:subfield>
        </marc:datafield>
        <marc:datafield tag="710" ind1="2" ind2=" ">
            <marc:subfield code="a">Linguistic Data Consortium.</marc:subfield>
        </marc:datafield>
        <marc:datafield tag="830" ind1=" " ind2="0">
            <marc:subfield code="a">LDC corpora ;</marc:subfield>
            <marc:subfield code="v">LDC2014T02.</marc:subfield>
        </marc:datafield>
        <marc:datafield tag="856" ind1="4" ind2=" ">
            <marc:subfield code="3">For additional information on data files, see the LDC website.</marc:subfield>
            <marc:subfield code="u">http://www.ldc.upenn.edu/Catalog/CatalogEntry.jsp?catalogId=LDC2014T02</marc:subfield>
        </marc:datafield>
        <marc:datafield tag="990" ind1=" " ind2=" ">
            <marc:subfield code="1">OLAC</marc:subfield>
            <marc:subfield code="2">Arabic</marc:subfield>
            <marc:subfield code="2">Chinese</marc:subfield>
            <marc:subfield code="2">Dari</marc:subfield>
            <marc:subfield code="2">English</marc:subfield>
            <marc:subfield code="2">Korean</marc:subfield>
            <marc:subfield code="2">Persian</marc:subfield>
        </marc:datafield>
        <marc:datafield tag="079" ind1=" " ind2=" ">
            <marc:subfield code="a">ocn880395421</marc:subfield>
        </marc:datafield>
        <marc:datafield tag="999" ind1=" " ind2=" ">
            <marc:subfield code="a">DATA LIB 00840 LDC 2014T02</marc:subfield>
            <marc:subfield code="w">LC</marc:subfield>
            <marc:subfield code="c">1</marc:subfield>
            <marc:subfield code="i">0162033491745</marc:subfield>
            <marc:subfield code="l">DATA_REF</marc:subfield>
            <marc:subfield code="m">UASCITECH</marc:subfield>
            <marc:subfield code="p">$150.00</marc:subfield>
            <marc:subfield code="r">Y</marc:subfield>
            <marc:subfield code="s">Y</marc:subfield>
            <marc:subfield code="t">NO_LOAN</marc:subfield>
            <marc:subfield code="u">5/23/2014</marc:subfield>
            <marc:subfield code="x">DATABASE</marc:subfield>
        </marc:datafield>
    </marc:record>